<record><leader>00000cas a22000007a 4500</leader><controlfield tag="001">16099746</controlfield><controlfield tag="008">870627d198619uuiauwr ne      0    0eng d</controlfield><datafield ind1=" " ind2=" " tag="010"><subfield code="a">sn 87057296 </subfield></datafield><datafield ind1=" " ind2=" " tag="040"><subfield code="a">INP</subfield><subfield code="b">eng</subfield><subfield code="c">INP</subfield><subfield code="d">NSD</subfield><subfield code="d">JUH</subfield><subfield code="d">OCLCF</subfield><subfield code="d">OCLCO</subfield></datafield><datafield ind1=" " ind2=" " tag="019"><subfield code="a">314845919</subfield></datafield><datafield ind1=" " ind2=" " tag="042"><subfield code="a">msc</subfield></datafield><datafield ind1="0" ind2="0" tag="245"><subfield code="a">Johnston advance.</subfield></datafield><datafield ind1=" " ind2=" " tag="260"><subfield code="a">Johnston, Iowa :</subfield><subfield code="b">K.L. Brown,</subfield><subfield code="c">1986-</subfield></datafield><datafield ind1=" " ind2=" " tag="300"><subfield code="a">v.</subfield></datafield><datafield ind1=" " ind2=" " tag="310"><subfield code="a">Weekly</subfield></datafield><datafield ind1="0" ind2=" " tag="362"><subfield code="a">Vol. 1, no. 1 (May 15, 1986)-</subfield></datafield><datafield ind1=" " ind2="0" tag="651"><subfield code="a">Johnston (Iowa)</subfield><subfield code="v">Periodicals</subfield><subfield code="v">Databases.</subfield></datafield><datafield ind1=" " ind2="7" tag="655"><subfield code="a">Databases.</subfield><subfield code="2">fast</subfield><subfield code="0">(OCoLC)fst01411643</subfield></datafield><datafield ind1=" " ind2="7" tag="655"><subfield code="a">Periodicals.</subfield><subfield code="2">fast</subfield><subfield code="0">(OCoLC)fst01411641</subfield></datafield><datafield ind1=" " ind2="7" tag="651"><subfield code="a">Iowa</subfield><subfield code="z">Johnston.</subfield><subfield code="2">fast</subfield><subfield code="0">(OCoLC)fst01227464</subfield></datafield><datafield ind1=" " ind2=" " tag="752"><subfield code="a">United States</subfield><subfield code="b">Iowa</subfield><subfield code="c">Polk</subfield><subfield code="d">Johnston.</subfield></datafield><datafield ind1="0" ind2="0" tag="785"><subfield code="t">Greater metropolitan news Johnston advance</subfield><subfield code="x">1089-9243</subfield><subfield code="w">(DLC)sn 96003365</subfield><subfield code="w">(OCoLC)35174292</subfield></datafield></record>